<?xml version="1.0" encoding="UTF-8"?>
  <record xmlns="http://www.loc.gov/MARC21/slim" type="Authority">
    <leader>00000nz  a2200000nc 4500</leader>
    <controlfield tag="001">11710471X</controlfield>
    <controlfield tag="003">DE-101</controlfield>
    <controlfield tag="005">20220311161742.0</controlfield>
    <controlfield tag="008">960628n||aznnnaabn           | aaa    |c</controlfield>
    <datafield tag="024" ind1="7" ind2=" ">
      <subfield code="a">11710471X</subfield>
      <subfield code="0">http://d-nb.info/gnd/11710471X</subfield>
      <subfield code="2">gnd</subfield>
    </datafield>
    <datafield tag="035" ind1=" " ind2=" ">
      <subfield code="a">(DE-101)11710471X</subfield>
    </datafield>
    <datafield tag="035" ind1=" " ind2=" ">
      <subfield code="a">(DE-588)11710471X</subfield>
    </datafield>
    <datafield tag="035" ind1=" " ind2=" ">
      <subfield code="z">(DE-588a)11710471X</subfield>
      <subfield code="9">v:zg</subfield>
    </datafield>
    <datafield tag="035" ind1=" " ind2=" ">
      <subfield code="z">(DE-588a)100866301</subfield>
    </datafield>
    <datafield tag="040" ind1=" " ind2=" ">
      <subfield code="a">DE-611</subfield>
      <subfield code="c">DE-611</subfield>
      <subfield code="9">r:DE-611</subfield>
      <subfield code="b">ger</subfield>
      <subfield code="d">9999</subfield>
    </datafield>
    <datafield tag="042" ind1=" " ind2=" ">
      <subfield code="a">gnd1</subfield>
    </datafield>
    <datafield tag="043" ind1=" " ind2=" ">
      <subfield code="c">XA-DE</subfield>
    </datafield>
    <datafield tag="075" ind1=" " ind2=" ">
      <subfield code="b">p</subfield>
      <subfield code="2">gndgen</subfield>
    </datafield>
    <datafield tag="075" ind1=" " ind2=" ">
      <subfield code="b">piz</subfield>
      <subfield code="2">gndspec</subfield>
    </datafield>
    <datafield tag="079" ind1=" " ind2=" ">
      <subfield code="a">g</subfield>
      <subfield code="q">z</subfield>
      <subfield code="q">a</subfield>
      <subfield code="q">f</subfield>
      <subfield code="q">l</subfield>
      <subfield code="u">k</subfield>
    </datafield>
    <datafield tag="100" ind1="1" ind2=" ">
      <subfield code="a">Oelhafen von Schöllenbach, Carl Christoph</subfield>
      <subfield code="d">1709-1785</subfield>
    </datafield>
    <datafield tag="375" ind1=" " ind2=" ">
      <subfield code="a">1</subfield>
      <subfield code="2">iso5218</subfield>
    </datafield>
    <datafield tag="400" ind1="1" ind2=" ">
      <subfield code="a">Oelhafen von Schöllenbach, Karl Christoph</subfield>
      <subfield code="d">1709-1785</subfield>
    </datafield>
    <datafield tag="400" ind1="1" ind2=" ">
      <subfield code="a">Schöllenbach, Carl Christoph Oelhafen &#152;von&#156;</subfield>
      <subfield code="d">1709-1785</subfield>
    </datafield>
    <datafield tag="400" ind1="1" ind2=" ">
      <subfield code="a">Schöllenbach, Karl Christoph Oelhafen &#152;von&#156;</subfield>
      <subfield code="d">1709-1785</subfield>
    </datafield>
    <datafield tag="400" ind1="1" ind2=" ">
      <subfield code="a">Oelhafen von und zu Schöllenbach, Karl Christoph</subfield>
      <subfield code="d">1709-1785</subfield>
      <subfield code="9">v:DBE</subfield>
    </datafield>
    <datafield tag="400" ind1="1" ind2=" ">
      <subfield code="a">Schöllenbach, Karl Christoph Oelhafen &#152;von und zu&#156;</subfield>
      <subfield code="d">1709-1785</subfield>
    </datafield>
    <datafield tag="400" ind1="1" ind2=" ">
      <subfield code="a">Oelhafen, C. Christ.</subfield>
      <subfield code="d">1709-1785</subfield>
    </datafield>
    <datafield tag="400" ind1="1" ind2=" ">
      <subfield code="a">Oelhafen von Schöllenbach, C. C.</subfield>
      <subfield code="d">1709-1785</subfield>
    </datafield>
    <datafield tag="400" ind1="1" ind2=" ">
      <subfield code="a">Schöllenbach, C. C. Oelhafen &#152;von&#156;</subfield>
      <subfield code="d">1709-1785</subfield>
    </datafield>
    <datafield tag="400" ind1="1" ind2=" ">
      <subfield code="a">Oelhafen de Schoellenbach et Eismannsberg, Carolus Christophorus</subfield>
      <subfield code="d">1709-1785</subfield>
    </datafield>
    <datafield tag="400" ind1="1" ind2=" ">
      <subfield code="a">Schoellenbach et Eismannsberg, Carolus Christophorus Oelhafen &#152;de&#156;</subfield>
      <subfield code="d">1709-1785</subfield>
    </datafield>
    <datafield tag="400" ind1="1" ind2=" ">
      <subfield code="a">Eismannsberg, Carolus Christophorus Oelhafen de Schöllenbach &#152;et&#156;</subfield>
      <subfield code="d">1709-1785</subfield>
    </datafield>
    <datafield tag="400" ind1="1" ind2=" ">
      <subfield code="a">Oelhafen von Schoellenbach und Eismannsberg, Karl Christoph</subfield>
      <subfield code="d">1709-1785</subfield>
    </datafield>
    <datafield tag="400" ind1="1" ind2=" ">
      <subfield code="a">Oelhafen von und zu Schoellenbach auf Eismannsberg Ruprechtstein und Neukirchen, Karl Christoph</subfield>
      <subfield code="d">1709-1785</subfield>
    </datafield>
    <datafield tag="400" ind1="1" ind2=" ">
      <subfield code="a">Oelhafen, Carl Christoph</subfield>
      <subfield code="d">1709-1785</subfield>
    </datafield>
    <datafield tag="400" ind1="0" ind2=" ">
      <subfield code="a">C. C. O. v. S.</subfield>
      <subfield code="d">1709-1785</subfield>
    </datafield>
    <datafield tag="400" ind1="1" ind2=" ">
      <subfield code="a">Oelhafen, C. C.</subfield>
      <subfield code="d">1709-1785</subfield>
    </datafield>
    <datafield tag="400" ind1="1" ind2=" ">
      <subfield code="a">Oelhafen von Schöllenbach, Carl C.</subfield>
      <subfield code="d">1709-1785</subfield>
    </datafield>
    <datafield tag="400" ind1="1" ind2=" ">
      <subfield code="a">Schöllenbach, Carl C. &#152;von&#156;</subfield>
      <subfield code="d">1709-1785</subfield>
    </datafield>
    <datafield tag="400" ind1="1" ind2=" ">
      <subfield code="a">Oelhafen, Carolus C.</subfield>
      <subfield code="d">1709-1785</subfield>
    </datafield>
    <datafield tag="400" ind1="1" ind2=" ">
      <subfield code="a">Oelhafen von Schoellenbach und Eismannsberg, Carl C.</subfield>
      <subfield code="d">1709-1785</subfield>
    </datafield>
    <datafield tag="400" ind1="1" ind2=" ">
      <subfield code="a">Oelhafen, Carolus Christophorus</subfield>
      <subfield code="d">1709-1785</subfield>
    </datafield>
    <datafield tag="500" ind1="1" ind2=" ">
      <subfield code="0">(DE-101)12148548X</subfield>
      <subfield code="0">(DE-588)12148548X</subfield>
      <subfield code="0">https://d-nb.info/gnd/12148548X</subfield>
      <subfield code="a">Oelhafen von Schöllenbach, Christoph Elias</subfield>
      <subfield code="d">1675-1736</subfield>
      <subfield code="4">bezf</subfield>
      <subfield code="4">https://d-nb.info/standards/elementset/gnd#familialRelationship</subfield>
      <subfield code="w">r</subfield>
      <subfield code="i">Beziehung familiaer</subfield>
      <subfield code="e">Beziehung familiaer</subfield>
      <subfield code="9">v:Vater</subfield>
    </datafield>
    <datafield tag="500" ind1="1" ind2=" ">
      <subfield code="0">(DE-101)136542891</subfield>
      <subfield code="0">(DE-588)136542891</subfield>
      <subfield code="0">https://d-nb.info/gnd/136542891</subfield>
      <subfield code="a">Oelhafen von Schöllenbach, Georg Christoph</subfield>
      <subfield code="d">1710-1779</subfield>
      <subfield code="4">bezf</subfield>
      <subfield code="4">https://d-nb.info/standards/elementset/gnd#familialRelationship</subfield>
      <subfield code="w">r</subfield>
      <subfield code="i">Beziehung familiaer</subfield>
      <subfield code="e">Beziehung familiaer</subfield>
      <subfield code="9">v:Bruder</subfield>
    </datafield>
    <datafield tag="500" ind1="1" ind2=" ">
      <subfield code="0">(DE-101)102954658</subfield>
      <subfield code="0">(DE-588)102954658</subfield>
      <subfield code="0">https://d-nb.info/gnd/102954658</subfield>
      <subfield code="a">Oelhafen von Schöllenbach, Jakob Christoph</subfield>
      <subfield code="d">1712-1749</subfield>
      <subfield code="4">bezf</subfield>
      <subfield code="4">https://d-nb.info/standards/elementset/gnd#familialRelationship</subfield>
      <subfield code="w">r</subfield>
      <subfield code="i">Beziehung familiaer</subfield>
      <subfield code="e">Beziehung familiaer</subfield>
      <subfield code="9">v:Bruder</subfield>
    </datafield>
    <datafield tag="548" ind1=" " ind2=" ">
      <subfield code="a">16.02.1709-20.06.1785</subfield>
      <subfield code="4">datx</subfield>
      <subfield code="4">https://d-nb.info/standards/elementset/gnd#dateOfBirthAndDeath</subfield>
      <subfield code="w">r</subfield>
      <subfield code="i">Exakte Lebensdaten</subfield>
    </datafield>
    <datafield tag="548" ind1=" " ind2=" ">
      <subfield code="a">1709-1785</subfield>
      <subfield code="4">datl</subfield>
      <subfield code="4">https://d-nb.info/standards/elementset/gnd#dateOfBirthAndDeath</subfield>
      <subfield code="w">r</subfield>
      <subfield code="i">Lebensdaten</subfield>
    </datafield>
    <datafield tag="550" ind1=" " ind2=" ">
      <subfield code="0">(DE-101)940112418</subfield>
      <subfield code="0">(DE-588)4329718-3</subfield>
      <subfield code="0">https://d-nb.info/gnd/4329718-3</subfield>
      <subfield code="a">Förster</subfield>
      <subfield code="4">berc</subfield>
      <subfield code="4">https://d-nb.info/standards/elementset/gnd#professionOrOccupation</subfield>
      <subfield code="w">r</subfield>
      <subfield code="i">Charakteristischer Beruf</subfield>
    </datafield>
    <datafield tag="550" ind1=" " ind2=" ">
      <subfield code="0">(DE-101)945424183</subfield>
      <subfield code="0">(DE-588)4385245-2</subfield>
      <subfield code="0">https://d-nb.info/gnd/4385245-2</subfield>
      <subfield code="a">Forstwissenschaftler</subfield>
      <subfield code="4">beru</subfield>
      <subfield code="4">https://d-nb.info/standards/elementset/gnd#professionOrOccupation</subfield>
      <subfield code="w">r</subfield>
      <subfield code="i">Beruf</subfield>
    </datafield>
    <datafield tag="550" ind1=" " ind2=" ">
      <subfield code="0">(DE-101)04061414X</subfield>
      <subfield code="0">(DE-588)4061414-1</subfield>
      <subfield code="0">https://d-nb.info/gnd/4061414-1</subfield>
      <subfield code="a">Übersetzer</subfield>
      <subfield code="4">beru</subfield>
      <subfield code="4">https://d-nb.info/standards/elementset/gnd#professionOrOccupation</subfield>
      <subfield code="w">r</subfield>
      <subfield code="i">Beruf</subfield>
    </datafield>
    <datafield tag="551" ind1=" " ind2=" ">
      <subfield code="0">(DE-101)040427420</subfield>
      <subfield code="0">(DE-588)4042742-0</subfield>
      <subfield code="0">https://d-nb.info/gnd/4042742-0</subfield>
      <subfield code="a">Nürnberg</subfield>
      <subfield code="4">ortg</subfield>
      <subfield code="4">https://d-nb.info/standards/elementset/gnd#placeOfBirth</subfield>
      <subfield code="w">r</subfield>
      <subfield code="i">Geburtsort</subfield>
    </datafield>
    <datafield tag="551" ind1=" " ind2=" ">
      <subfield code="0">(DE-101)040427420</subfield>
      <subfield code="0">(DE-588)4042742-0</subfield>
      <subfield code="0">https://d-nb.info/gnd/4042742-0</subfield>
      <subfield code="a">Nürnberg</subfield>
      <subfield code="4">orts</subfield>
      <subfield code="4">https://d-nb.info/standards/elementset/gnd#placeOfDeath</subfield>
      <subfield code="w">r</subfield>
      <subfield code="i">Sterbeort</subfield>
    </datafield>
    <datafield tag="551" ind1=" " ind2=" ">
      <subfield code="0">(DE-101)040427420</subfield>
      <subfield code="0">(DE-588)4042742-0</subfield>
      <subfield code="0">https://d-nb.info/gnd/4042742-0</subfield>
      <subfield code="a">Nürnberg</subfield>
      <subfield code="4">ortw</subfield>
      <subfield code="4">https://d-nb.info/standards/elementset/gnd#placeOfActivity</subfield>
      <subfield code="w">r</subfield>
      <subfield code="i">Wirkungsort</subfield>
    </datafield>
    <datafield tag="667" ind1=" " ind2=" ">
      <subfield code="a">7</subfield>
    </datafield>
    <datafield tag="667" ind1=" " ind2=" ">
      <subfield code="a">VD-17</subfield>
    </datafield>
    <datafield tag="667" ind1=" " ind2=" ">
      <subfield code="a">VD-18</subfield>
    </datafield>
    <datafield tag="667" ind1=" " ind2=" ">
      <subfield code="a">12</subfield>
    </datafield>
    <datafield tag="667" ind1=" " ind2=" ">
      <subfield code="a">Ansetzung nach Vorlage</subfield>
    </datafield>
    <datafield tag="670" ind1=" " ind2=" ">
      <subfield code="a">DBE</subfield>
    </datafield>
    <datafield tag="672" ind1=" " ind2="0">
      <subfield code="a">Oelhafen von Schöllenbach, Carl C.: Abbildung der wilden Bäume, Stauden und Buschgewächse</subfield>
      <subfield code="f">1767</subfield>
    </datafield>
    <datafield tag="672" ind1=" " ind2="0">
      <subfield code="a">Duhamel DuMonceau, Henry L.: Abhandlung von Bäumen, Stauden und Sträuchen, welche in Fran*</subfield>
      <subfield code="f">1763</subfield>
    </datafield>
    <datafield tag="672" ind1=" " ind2="0">
      <subfield code="a">Duhamel DuMonceau, Henry L.: Von Fällung der Wälder. - 1766 - 1767</subfield>
    </datafield>
    <datafield tag="672" ind1=" " ind2="0">
      <subfield code="a">Duhamel DuMonceau, Henry L.: Naturgeschichte der Bäume. - 1764 - 1765</subfield>
    </datafield>
    <datafield tag="672" ind1=" " ind2="0">
      <subfield code="a">Duhamel DuMonceau, Henry L.: Von der Holz-Saat und Pflanzung der Wald-Bäume auch derselbe*</subfield>
      <subfield code="f">1763</subfield>
    </datafield>
    <datafield tag="672" ind1=" " ind2="0">
      <subfield code="a">Oelhafen von Schöllenbach, Carl C.: Abbildung der wilden Bäume</subfield>
    </datafield>
    <datafield tag="672" ind1=" " ind2="0">
      <subfield code="a">Deinlein, Georg F.: De singulari custodiendorum ignium cura et inspectione, speciatim von*</subfield>
      <subfield code="f">1731</subfield>
    </datafield>
    <datafield tag="672" ind1=" " ind2="0">
      <subfield code="a">Deinlein, Georg F.: De singulari custodiendorum ignium cura et inspectione, speciatim von*</subfield>
      <subfield code="f">1748</subfield>
    </datafield>
    <datafield tag="672" ind1=" " ind2="0">
      <subfield code="a">De singulari custodiendorum ignium cura et inspectione speciatim</subfield>
      <subfield code="f">1731</subfield>
    </datafield>
    <datafield tag="678" ind1=" " ind2=" ">
      <subfield code="b">Waldamtmann; 1724-1732 Studium in Altdorf; 1737 Pfleger der Nürnbergischen Ämter Velden und Hausseck, 1748 des Amtes Gräfenberg; 1764 Oberamtmann und Oberrichter des Sebalder-Waldes bei Nürnberg; forstwissenschaftlicher Schriftsteller; Übersetzer forstwissenschaftlicher Werke, vor allem aus dem Französischen</subfield>
    </datafield>
    <datafield tag="913" ind1=" " ind2=" ">
      <subfield code="S">pnd</subfield>
      <subfield code="i">a</subfield>
      <subfield code="a">Oelhafen von Schöllenbach, Carl Christoph</subfield>
      <subfield code="0">(DE-588a)11710471X</subfield>
    </datafield>
  </record>
